%---------------------------------------------------------------------------------
@article{Pener,
  title={Penerapan Konsep Finite State Automata (FSA) pada Aplikasi Simulasi Vending Machine Yoghurt Walagri},
  author={Suharsih, Ririn and Atqiya, Firas},
  journal={Edsence: Jurnal Pendidikan Multimedia},
  volume={1},
  number={2},
  pages={71--78},
  year={2019}
}

@mastersthesis{Agentes,
  title={Agentes automáticos para videojuegos con máquinas de estados y autómatas finitos},
  author={Rubio Castellano and Álvaro},
  journal={Tesis de Licenciatura - Universidad Carlos III de Madrid},
  type={{B.S.} thesis},
  year={2017}
}

@article{aguilarvendy,
  title={Vendy},
  author={Aguilar Estrada, Astrid Rubi and Aguirre Cerna, Wendy Lorenz and Agurto Portanova, Ivana Cecilia and Lerzundi Calder{\'o}n, Maria Jose and Yzaguirre Cardenas, Gustavo},
  journal={Tesis de Bachillerato - Universidad Peruana de Ciencias Aplicadas},
  type={thesis},
  year={2020}
}

@article{indo, 
title={Penerapan Konsep Finite State Automata Pada Aplikasi Simulasi Vending Machine Beras}, 
volume={14}, 
url={https://journal.stekom.ac.id/index.php/elkom/article/view/442}, DOI={10.51903/elkom.v14i1.442}, 
number={1}, 
journal={Elkom : Jurnal Elektronika dan Komputer}, 
author={Anggun Yuli Asih and Rini Novi Ambarwati and Eni Heni Hermaliani and Tuti Haryanti and Windu Gata}, 
year={2021}, 
month={Jul.}, 
pages={130-140} }

@article{yohanes2017sistem,
  title={Sistem Penerjemah Bahasa Jawa-Aksara Jawa Berbasis Finite State Automata},
  author={Yohanes, Banu Wirawan and Robert, Teofilus and Nugroho, Saptadi},
  journal={Jurnal Nasional Teknik Elektro dan Teknologi Informasi (JNTETI)},
  volume={6},
  number={2},
  pages={127--132},
  year={2017}
}

@article{ma2018implementasi,
  title={Implementasi Finite State Automata (FSA) dalam Proses Pengisian Kartu Rencana Studi},
  author={Maarif, Ridwan Ahmad and Fauziah, Fauziah},
  journal={JOINTECS (Journal of Information Technology and Computer Science)},
  volume={3},
  number={3},
  pages={115--120},
  year={2018}
}